@article{Friedman2010,
  author    = {Friedman, Jerome H. and Hastie, Trevor and Tibshirani, Robert},
  title     = {Regularization Paths for Generalized Linear Models via Coordinate Descent},
  journal   = {Journal of Statistical Software},
  volume    = {33},
  number    = {1},
  pages     = {1--22},
  year      = {2010},
  doi       = {10.18637/jss.v033.i01},
  url       = {https://doi.org/10.18637/jss.v033.i01}
}
